<record><leader>00000cas a22000007a 4500</leader><controlfield tag="001">20730493</controlfield><controlfield tag="008">891204d19331937iduwr ne      0    0eng d</controlfield><datafield ind1=" " ind2=" " tag="010"><subfield code="a">sn 89055287 </subfield></datafield><datafield ind1=" " ind2=" " tag="040"><subfield code="a">NVB</subfield><subfield code="b">eng</subfield><subfield code="c">NVB</subfield><subfield code="d">OCLCQ</subfield><subfield code="d">OCLCF</subfield><subfield code="d">OCLCO</subfield></datafield><datafield ind1=" " ind2=" " tag="042"><subfield code="a">msc</subfield></datafield><datafield ind1=" " ind2=" " tag="043"><subfield code="a">n-us-id</subfield></datafield><datafield ind1=" " ind2="4" tag="050"><subfield code="a">HD6517.I2</subfield><subfield code="b">I33</subfield></datafield><datafield ind1="0" ind2="0" tag="245"><subfield code="a">Idaho labor.</subfield></datafield><datafield ind1=" " ind2=" " tag="260"><subfield code="a">Pocatello, Idaho :</subfield><subfield code="b">Idaho Labor Print. Co.</subfield></datafield><datafield ind1=" " ind2=" " tag="300"><subfield code="a">v.</subfield></datafield><datafield ind1=" " ind2=" " tag="310"><subfield code="a">Weekly</subfield></datafield><datafield ind1="1" ind2=" " tag="362"><subfield code="a">Began in 1933; ceased in 1937.</subfield></datafield><datafield ind1=" " ind2=" " tag="588"><subfield code="a">Description based on: Vol. 1, no. 13 (Apr. 15, 1933).</subfield></datafield><datafield ind1=" " ind2="0" tag="651"><subfield code="a">Pocatello (Idaho)</subfield><subfield code="v">Newspapers.</subfield></datafield><datafield ind1=" " ind2="7" tag="655"><subfield code="a">Newspapers.</subfield><subfield code="2">fast</subfield><subfield code="0">(OCoLC)fst01423814</subfield></datafield><datafield ind1=" " ind2="7" tag="651"><subfield code="a">Idaho</subfield><subfield code="z">Pocatello.</subfield><subfield code="2">fast</subfield><subfield code="0">(OCoLC)fst01202833</subfield></datafield><datafield ind1=" " ind2=" " tag="752"><subfield code="a">United States</subfield><subfield code="b">Idaho</subfield><subfield code="c">Bannock</subfield><subfield code="d">Pocatello.</subfield></datafield><datafield ind1="0" ind2="5" tag="780"><subfield code="t">Lava Lyre</subfield><subfield code="w">(DLC)sn 89055280</subfield></datafield></record>